-*- BibTeX -*-

@TECHREPORT{NIST:Residential,
  author       = {Averill, J. and Moore-Merrell, L. and Barowy, A. and Santos, R. and Peacock, R. and Notarianni, K. and Wissoker, D.},
  title        = {{Report on Residential Fireground Field Experiments}},
  year         = {2010},
  institution  = {National Institute of Standards and Technology},
  type         = {{NIST Technical Note 1661}},
  address      = {Gaithersburg, Maryland}
}

@TECHREPORT{NIST:HighRise,
  author       = {Averill, J. and Moore-Merrell, L. and Ranellone, R. and Weinschenk, C. and Taylor, N. and Goldstein, R. and Santos, R., Wissoker, D. and Notarianni, K.},
  title        = {{Report on High-Rise Fireground Field Experiments}},
  year         = {2013},
  institution  = {National Institute of Standards and Technology},
  type         = {{NIST Technical Note 1797}},
  address      = {Gaithersburg, Maryland}
}

@manual{nfpa_1710,
  title        = {{NFPA 1710, Standard for the Organization and Deployment of Fire Suppression Operations, Emergency Medical Operations, and Special Operations to the Public by Career Fire Departments}},
  organization = {{National Fire Protection Association}},
  year         = {2016},
  address      = {Quincy, Massachusetts}
}

@manual{nfpa_1720,
  title        = {{NFPA 1720, Standard for the Organization and Deployment of Fire Suppression Operations, Emergency Medical Operations, and Special Operations to the Public by Volunteer Fire Departments}},
  organization = {{National Fire Protection Association}},
  year         = {2014},
  address      = {Quincy, Massachusetts}
}